@Book{Beal2006,
author={Beal, S.L.
and Ludden, T.
and Boeckmann, A.},
title={NONMEM Users Guide, Introduction to Version VI},
year={2006},
publisher={University of California}
}

@Book{Boeckmann1998,
author={Boeckmann, A.J.
and Beal, S.L.
and Sheiner, L.B.},
title={NONMEM User Guide, Version V, Level 1.0},
year={1998},
publisher={University of California}
}

@Article{Derendorf1999,
author={Derendorf, H.
and Meibohm, B.},
title={Modeling of pharmacokinetic/pharmacodynamic ({P}{K}/{P}{D}) relationships: concepts and perspectives},
journal={Pharm Res},
year={1999 Feb},
volume={16},
issue={2},
pages={176--85},
}

@MISC{NONMEMusers,
 author = {{NONMEM users}},
 year = {2015},
 note   = {\nolinkurl{http://www.cognigencorp.com/index.php/cognigen/resources\_nonmem}, accessed 16.11.2015},
 }



@Manual{RTeam,
    title = {R: A Language and Environment for Statistical Computing},
    author = {{R Core Team}},
    organization = {R Foundation for Statistical Computing},
    address = {Vienna, Austria},
    year = {2019}
    %url = {https://www.R-project.org/},
  }


@Book{Bauer2014,
author={{Bauer}, R.J.},
title={NONMEM Users Guide: Introduction to NONMEM 7.3.0},
year={2014},
publisher={ICON Development Solutions},
}

@Article{Lindbom2005,
   Author={Lindbom, L.  and Pihlgren, P.  and Jonsson, E. N.  and Jonsson, N.},
   Title={{P}s{N}-{T}oolkit--a collection of computer intensive statistical methods for non-linear mixed effect modeling using {N}{O}{N}{M}{E}{M}},
   Journal={Comput Methods Programs Biomed},
   Year={2005},
   Volume={79},
   Number={3},
   Pages={241--257},
   Month={9},
}

@Article{Lindbom2004,
   Author={Lindbom, L.  and Ribbing, J.  and Jonsson, E. N.},
   Title={{P}erl-speaks-{N}{O}{N}{M}{E}{M} ({P}s{N})--a {P}erl module for {N}{O}{N}{M}{E}{M} related programming},
   Journal={Comput Methods Programs Biomed},
   Year={2004},
   Volume={75},
   Number={2},
   Pages={85--94},
   Month={8},
}

@misc{Karlsson1998,
   Author={Karlsson, M. O.  and Jonsson, E. N.},
   Title={{A}n automated stepwise covariate model building procedure within {N}{O}{N}{M}{E}{M}},
   Howpublished={PAGE 7, Abstract 678},
   Year={1998},
   note={}
}

@Manual{Comets2012,
    title = {npde: Normalised prediction distribution errors for nonlinear mixed-effect models},
    author = {Comets, E. and Brendel, K. and Nguyen, T. H. and Mentre, F.},
    year = {2012},
    note = {R package version 2.0},
    url = {http://CRAN.R-project.org/package=npde},
}

% 18215437 
@Article{Comets2008,
   Author={Comets, E.  and Brendel, K.  and Mentre, F.},
   Title={{C}omputing normalised prediction distribution errors to evaluate nonlinear mixed-effect models: the npde add-on package for {R}},
   Journal={Comput Methods Programs Biomed},
   Year={2008},
   Volume={90},
   Number={2},
   Pages={154--166},
   Month={5},
}

% 22886041 
@Article{Nguyen2012,
   Author={Nguyen, T. H.  and Comets, E.  and Mentre, F.},
   Title={{E}xtension of {N}{P}{D}{E} for evaluation of nonlinear mixed effect models in presence of data below the quantification limit with applications to {H}{I}{V} dynamic model},
   Journal={J Pharmacokinet Pharmacodyn},
   Year={2012},
   Volume={39},
   Number={5},
   Pages={499--518},
   Month={10},
}

@Article{Nguyen2017,
   Author={Nguyen, T. H.  and Mouksassi, M. S.  and Holford, N.  and Al-Huniti, N.  and Freedman, I.  and Hooker, A. C.  and John, J.  and Karlsson, M. O.  and Mould, D. R.  and Perez Ruixo, J. J.  and Plan, E. L.  and Savic, R.  and van Hasselt, J. G.  and Weber, B.  and Zhou, C.  and Comets, E.  and Mentre, F. },
   Title={{{M}odel {E}valuation of {C}ontinuous {D}ata {P}harmacometric {M}odels: {M}etrics and {G}raphics}},
   Journal={CPT Pharmacometrics Syst Pharmacol},
   Year={2017},
   Volume={6},
   Number={2},
   Pages={87--109},
   Month={02}
}


@Article{Speth2004,
   Author={Speth, H. },
   Title={{{A} {L}inux cluster for population pharmacokinetic analyses}},
   Journal={Int J Clin Pharmacol Ther},
   Year={2004},
   Volume={42},
   Number={3},
   Pages={189--190},
   Month={3},
}

@Article{Savic2009,
   Author={Savic, R. M.  and Karlsson, M. O. },
   Title={{I}mportance of shrinkage in empirical bayes estimates for diagnostics: problems and solutions},
   Journal={AAPS J},
   Year={2009},
   Volume={11},
   Number={3},
   Pages={558--569},
   Month={9}
}


@MISC{GNUCompilerCollection,
author = {{GNU Compiler Collection}},
year={2015},
NOTE = {\nolinkurl{https://gcc.gnu.org}, accessed 16.11.2015},
}



@Article{Bergstrand2011,
   Author={Bergstrand, M.  and Hooker, A. C.  and Wallin, J. E.  and Karlsson, M. O. },
   Title={{P}rediction-corrected visual predictive checks for diagnosing nonlinear mixed-effects models},
   Journal={AAPS J},
   Year={2011},
   Volume={13},
   Pages={143--151},
   Month=10
}


@Article{Beal2001,
   Author={Beal, S. L. },
   Title={{W}ays to fit a {P}{K} model with some data below the quantification limit},
   Journal={J Pharmacokinet Pharmacodyn},
   Year={2001},
   Volume={28},
   Number={5},
   Pages={481--504},
   Month={10},
}

@Misc{FDA2010,
author={FDA},
title={Guidance for Industry: Pharmacokinetics in Patients with Impaired Renal Function — Study Design, Data Analysis, and Impact on Dosing and Labeling. Draft Guidance},
year={2010},
}

% 31056834 
@Article{Bauer2019,
   Author={Bauer, R. J.},
   Title={{{N}{O}{N}{M}{E}{M} {T}utorial {P}art {I}: {D}escription of {C}ommands and {O}ptions, with {S}imple {E}xamples of {P}opulation {A}nalysis}},
   Journal={CPT Pharmacometrics Syst Pharmacol},
   Volume={8},
    Number={8},
    Pages={525–-537},
   Year={2019}
}

